@article{fukumizu2011kernel,
  title={Kernel bayes' rule},
  author={Fukumizu, Kenji and Song, Le and Gretton, Arthur},
  journal={Advances in neural information processing systems},
  volume={24},
  year={2011}
}